
@book{center2002arms,
  title={Arms Control Chronology},
  author={Center for Defense Information (Washington, DC) and Mendelsohn, Jack and Grahame, David},
  year={2002},
  publisher={Center for Defense Information}
}


@phdthesis{graham1989politics,
  title={The politics of failure: strategic nuclear arms control, public opinion, and domestic politics in the United States: 1945-1980},
  author={Graham, Thomas Wallace},
  year={1989},
  school={Massachusetts Institute of Technology}
}

@misc{CornellRoper,
  author = {Cornell University, Roper Center for Public Opinion Research},
  title = {iPOLL Database},
  year = {n.d.},
  note = {Public opinion data repository}
}

@misc{OdumInstitute,
  author = {Odum Institute},
  title = {Odum Institute Data Archive},
  year = {n.d.},
  note = {Public opinion poll repository}
}

@book{CDI2002,
  author = {Center for Defense Information},
  title = {Arms Control Chronology},
  year = {2002},
  note = {Timeline of arms control agreements}
}

@book{Dorman1988,
  author = {Dorman, William A. and others},
  title = {American press coverage of US-Soviet relations, nuclear weapons, arms control, and national security: A bibliography},
  year = {1988},
  note = {Media coverage analysis}
}

@phdthesis{Graham1989,
  author = {Graham, Thomas W.},
  title = {The Politics of Failure: Strategic Nuclear Arms Control, Public Opinion, and Domestic Politics in the United States, 1945–1980},
  school = {Massachusetts Institute of Technology},
  year = {1989},
  note = {Historical public opinion study}
}

@incollection{ArmsControlColdWar,
  author = {Unknown},
  title = {Arms Control and Disarmament – The Cold War},
  booktitle = {American Foreign Relations},
  note = {Discussion of public opinion paradox (favoring treaties but expecting cheating)}
}

@article{FifthEstate1982,
  author = {Fifth Estate Magazine},
  title = {The Nuclear Freeze},
  journal = {Fifth Estate},
  issue = {309},
  year = {1982},
  month = {June 19},
  note = {Notes 72\% American support for bilateral nuclear freeze}
}

@article{TIME1987,
  author = {TIME Magazine},
  title = {An Offer They Can’t Refuse},
  journal = {TIME},
  year = {1987},
  note = {Reports CBS/NYT poll of 62\% support for INF Treaty}
}

@report{Carnegie1999,
  author = {Carnegie Endowment},
  title = {Public Opinion on the Comprehensive Test Ban Treaty},
  year = {1999},
  note = {Notes 70\% public support for Comprehensive Test Ban Treaty}
}

@misc{CWC1997,
  author = {Federation of American Scientists},
  title = {Chemical Weapons Convention Archive},
  year = {1997},
  note = {Documents 84\% U.S. public support for CWC in Feb 1997 poll}
}

@article{Tucker2019,
  author = {Tucker, Patrick},
  title = {Poll: Americans Want to Stay in Nuclear Arms Control Agreements},
  journal = {Defense One},
  year = {2019},
  month = {May 20},
  note = {University of Maryland poll: 80\% support New START extension, two-thirds oppose INF withdrawal}
}

@report{ChicagoCouncil2017,
  author = {Chicago Council on Global Affairs},
  title = {Americans Support Continued US Participation in Iran Deal},
  year = {2017},
  note = {Finds 60\% support for Iran nuclear agreement and ranks nuclear proliferation concern relative to other threats}
}

@report{Pew2020,
  author = {Pew Research Center},
  title = {Americans See Spread of Disease as Top International Threat, Along With Terrorism, Nuclear Weapons, Cyberattacks},
  year = {2020},
  month = {April 13},
  note = {Shows nuclear weapons remain a major threat in public eyes (data from 2020)}
}

@misc{BritannicaLTBT,
  author = {Britannica},
  title = {Nuclear Test-Ban Treaty},
  note = {Notes public concern over fallout spurred the 1963 LTBT}
}
